@article{march1957thomas,
  title={The Thomas-Fermi approximation in quantum mechanics},
  author={March, NH},
  journal={Advances in Physics},
  volume={6},
  number={21},
  pages={1--101},
  year={1957},
  publisher={Taylor \& Francis}
}


@article{ke2013angular,
  title={Angular-momentum-dependent orbital-free density functional theory},
  author={Ke, Youqi and Libisch, Florian and Xia, Junchao and Wang, Lin-Wang and Carter, Emily A},
  journal={Physical review letters},
  volume={111},
  number={6},
  pages={066402},
  year={2013},
  publisher={APS}
}

